@misc{wikipedia,
  author = "Wikipedia",
  title = "Wikipedia",
  journal = "\url{https://www.wikipedia.org/}",
  note = "[letzter Zugriff: 9. Jan. 2018]"
}

@misc{wikiciting,
  author = "Wikipedia",
  title = "Citing Wikipedia, the free encyclopedia.",
  journal = "\url{https://en.wikipedia.org/wiki/Wikipedia:Citing\_sources}",
  note = "[letzter Zugriff: 9. Jan. 2018]"
}

@misc{texlive,
  title = "{TeX Live}: Comprehensive {T}e{X} system with binaries for most 
           flavors of {U}nix, including {GNU}/{L}inux, and also {W}indows",
  key = "texlive",
  howpublished = "\url{http://www.tug.org/texlive/}",
  note = "[letzter Zugriff: 9. Jan. 2018]"
}

@misc{dante,
  title = "dante: {D}eutschsprachige {A}nwendervereinigung {T}e{X} e.{V}.",
  key = "dante",
  howpublished = "\url{http://www.dante.de/}", 
  note = "[letzter Zugriff: 9. Jan. 2018]"
}

@misc{tug,
  title = "{TUG}: {T}ex {U}ser {G}roup",
  key = "tug",
  howpublished = "\url{http://www.tug.org/}",
  note = "[letzter Zugriff: 9. Jan. 2018]"
}

@misc{miktex,
  title = "{MiKTeX}: Typesetting beautiful documents",
  key = "miktex",
  howpublished = "\url{https://miktex.org/}",
  note = "[letzter Zugriff: 9. Jan. 2018]"
}

@misc{ctan,
  title = "{CTAN}: the {C}omprehensive {T}e{X} {A}rchive {N}etwork",
  key = "ctan",
  howpublished = "\url{https://ctan.org/}",
  note = "[letzter Zugriff: 9. Jan. 2018]"
}

@misc{emacs,
  title = "Emacs",
  key = "emacs",
  howpublished = "\url{https://www.gnu.org/software/emacs/}",
  note = "[letzter Zugriff: 9. Jan. 2018]"
}

@misc{auctex,
  title = "{AUCTeX}",
  key = "auctex",
  howpublished = "\url{https://www.gnu.org/software/auctex/}",
  note = "[letzter Zugriff: 9. Jan. 2018]"
}

@misc{texmaker,
  title = "Texmaker",
  key = "texmaker",
  howpublished = "\url{http://www.xm1math.net/texmaker/}",
  note = "[letzter Zugriff: 9. Jan. 2014]"
}

@misc{libreoffice,
  title = "LibreOffice",
  key = "libreoffice",
  howpublished = "\url{https://www.libreoffice.org/}",
  note = "[letzter Zugriff: 9. Jan. 2014]"
}

@misc{dia,
  title = "Dia",
  key = "dia",
  howpublished = "\url{https://wiki.gnome.org/Apps/Dia}",
  note = "[letzter Zugriff: 7. Aug. 2014]"
}

@misc{tikz,
  title = "{TikZ}",
  key = "tikz",
  howpublished = "\url{https://sourceforge.net/projects/pgf/}",
  note = "[letzter Zugriff: 9. Jan. 2018]"
}

@misc{tikzautomata,
  title = "{TeXample.net, Automata and Petri nets examples}",
  key = "automata",
  howpublished = "\url{http://www.texample.net/tikz/examples/automata-and-petri-nets/}",
  note = "[letzter Zugriff: 9. Jan. 2018]"
}

@misc{acm,
  title = "{ACM, Digital Library}",
  key = "ACM",
  howpublished = "\url{https://dl.acm.org/}",
  note = "[letzter Zugriff: 9. Jan. 2018]"
}

@misc{ieee,
  title = "{IEEE Xplore, Digital Library}",
  key = "IEEE",
  howpublished = "\url{http://ieeexplore.ieee.org/Xplore/dynhome.jsp}",
  note = "[letzter Zugriff: 9. Jan. 2018]"
}

@misc{gnulogo,
  title = "{The GNU Logo.png}", 
  key = "Gnu",
  howpublished = "\url{http://en.wikipedia.org/wiki/File:The_GNU_logo.png}",
  note = "[letzter Zugriff: 9. Jan. 2018], Optimager~commonswiki, 21:48, 20 October 2005, unter Free Art Licence"
}

@misc{fal,
  title = "{Free Art Licence}",
  key = "licence",
  howpublished = "\url{http://artlibre.org/licence/lal/en}",
  note = "[letzter Zugriff: 9. Jan. 2018]"
}

@misc{listings,
  title = "{Listings}",
  key = "LaTeX package",
  howpublished = "\url{https://ctan.org/pkg/listings}",
  note = "[letzter Zugriff: 9. Jan. 2018]"
}

@misc{minted,
  title = "{Minted}",
  key = "LaTeX package",
  howpublished = "\url{https://ctan.org/pkg/minted}",
  note = "[letzter Zugriff: 9. Jan. 2018]"
}

@misc{pygments,
  title = "{Pygments}",
  key = "Python and Standalone Package",
  howpublished = "\url{http://pygments.org/}",
  note = "[letzter Zugriff: 9. Jan. 2018]"
}

@misc{bitkom_smartphones,
  title = "{bitkom}",
  key = "Mit 10 Jahren haben die meisten Kinder ein eigenes Smartphone",
  howpublished = "\url{https://www.bitkom.org/Presse/Presseinformation/Mit-10-Jahren-haben-die-meisten-Kinder-ein-eigenes-Smartphone}",
  note = "[letzter Zugriff: 07. April. 2022]"
}


@misc{json,
author="JSON Foundation",
title = {JSON},
howpublished = "\url{https://www.json.org/json-de.html}",
note = "[letzter Zugriff: 18. Mai. 2022]"
}


@misc{python_queue,
author="python",
title = {queue  },
howpublished = "\url{https://docs.python.org/3/library/queue.html}",
note = "[letzter Zugriff: 03. Juni. 2022]"
}

@misc{paho,
title = {Paho},
author = "Eclipse",
howpublished = "\url{https://www.eclipse.org/paho/}",
note = "[letzter Zugriff: 03. Juni. 2022]"
}

@misc{accel_g,
author = "Google",
title = {Android Developers - Accellerometer Example},
howpublished = "\url{https://developer.android.com/guide/topics/sensors/sensors_motion#sensors-motion-accel}",
note = "[letzter Zugriff: 04. Juni. 2022]"
}

@misc{smartphone_users,
author = "Financesonline",
title = {Number of Smartphone Users Worldwide 2022},
howpublished = "\url{https://financesonline.com/number-of-smartphone-users-worldwide/}",
note = "[letzter Zugriff: 08. Juni. 2022]"
}

@misc{arduino_kit,
author = "Arduino",
title = {Kits-Arduino Official Store},
howpublished = "\url{https://store.arduino.cc/collections/kits}",
note = "[letzter Zugriff: 08. Juni. 2022]"
}

@misc{sensoren_android,
author = "Google",
title = {Sensors - Overview},
howpublished = "\url{https://developer.android.com/guide/topics/sensors/sensors_overview#sensors-intro}",
note = "[letzter Zugriff: 09. Juni. 2022]"
}



@misc{sensor-takt,
author = "Google",
title = {Sensors - Overview},
howpublished = "\url{https://developer.android.com/guide/topics/sensors/sensors_overview#sensors-monitor}",
note = "[letzter Zugriff: 22. Juni. 2022]"
}

@misc{eclipse-ide,
author = "Eclipse Foundation",
title = {Eclipse Desktop IDEs},
howpublished = "\url{https://www.eclipse.org/ide/}",
note = "[letzter Zugriff: 03. Juli. 2022]"
}

@misc{mqtt-size,
author = "Steve Cope",
title = {MQTT Client and Mosquitto Broker Message Restrictions},
howpublished = "\url{http://www.steves-internet-guide.com/mqtt-broker-message-restrictions/}",
note = "[letzter Zugriff: 03. Juli. 2022]"
}

@misc{json-rfc,
author = "T. Bray, Ed.",
title = {RFC 8259},
howpublished = "\url{https://datatracker.ietf.org/doc/html/rfc8259}",
note = "[letzter Zugriff: 05. Juli. 2022]"
}