@Book{kopka,
  author =       {Helmut Kopka},
  title =        {LaTeX: Eine Einf\"{u}hrung},
  edition =      {4},
  publisher =    {Addison-Wesley},
  address =      {Bonn},
  year =         {1992},
  ISBN =         {3-89319-434-7},
  descriptor =   {LaTeX, Schrift setzen, TeX, Texterstellung,
                 Textstrukturierung, Textverarbeitung},
}
@BOOK{knuth,
  author =       "Donald E. Knuth",
  title =        "The TeX Book",
  publisher =    {Addison-Wesley},
  year =         "1984",
  address =      {Reading, Massachusetts},
  note = {Reprinted as Vol. A of {\it Computers \& Typesetting\/}, 1986}
}
@Book{lamport,
  author =      "Leslie Lamport",
  title =       "LaTeX A Document Preparation System, 
                 User's Guide and Reference Manual",
  publisher =    "Addison-Wesley",
  year =        "1985",
  ISBN =        "0-201-15790-X",
}
@Book{postscript,
  author =       "{Adobe Systems Incorporated}",
  title =        "{PostScript} Language Reference",
  publisher =    "Addison-Wesely",
  edition =      "Third",
  year =         "1999",
  ISBN =         "0-201-37922-8",
  note =         "This new edition defines PostScript Language Level 3.
                 An electronic version of the book is available at the
                 Adobe Web site, and is also included in a CD-ROM
                 attached to the book.",
}
@Book{pdf,
  author =       "{Adobe Systems Incorporated}",
  title =        "{PDF} reference: {Adobe} portable document format,
                 version 1.3",
  publisher =    "Addison-Wesely",
  edition =      "Second",
  year =         "2000",
  ISBN =         "0-201-61588-6",
  ISBN-13 =      "978-0-201-61588-3",
}
