@misc{arduino,
  author = {Arduino},
  title  = {Arduino},
  url    = {https://www.arduino.cc/},
  note   = {[letzter Zugriff: 15. März 2022]}
}

@misc{json,
  author = {Tim Bray},
  title  = {RFC 8259},
  url    = {https://datatracker.ietf.org/doc/html/rfc8259},
  note   = {[letzter Zugriff: 15. März 2022]}
}

@misc{microbit,
  author = {Micro:bit Educational Foundation},
  title  = {Microbit},
  url    = {https://microbit.org/},
  note   = {[letzter Zugriff: 15. März 2022]}
}


@misc{mqtt,
  author = {Eclipse Foundation},
  title  = {Mosquitto},
  url    = {https://mosquitto.org/},
  note   = {[letzter Zugriff: 15. März 2022]}
}

@misc{qt,
  author = {The QT Company},
  title  = {QT},
  url    = {https://www.qt.io/},
  note   = {[letzter Zugriff: 15. März 2022]}
}

@misc{raspi,
  author = {Raspberry Pi Foundation},
  title  = {Raspberry Pi},
  url    = {https://www.raspberrypi.org/},
  note   = {[letzter Zugriff: 15. März 2022]}
}

@misc{swing,
  author = {Christian Ullenboom},
  title  = {Java ist auch eine Insel},
  url    = {https://openbook.rheinwerk-verlag.de/javainsel/17_001.html},
  note   = {[letzter Zugriff: 15. März 2022]}
}

@misc{tclktk,
  author = {Tcl Core Team},
  title  = {Tcl/Tk},
  url    = {https://www.tcl.tk/},
  note   = {[letzter Zugriff: 15. März 2022]}
}

@misc{wikipedia,
  author = {Wikipedia Community},
  title  = {Wikipedia},
  url    = {https://www.wikipedia.org/},
  note   = {[letzter Zugriff: 27. Februar 2022]}
}

@misc{wikipediaciting,
  author = {{Wikipedia}},
  title  = {{Citing, From Wikipedia, the free encyclopedia.}},
  url    = {https://en.wikipedia.org/wiki/Wikipedia:Citing_sources},
  note   = {[letzter Zugriff: 27. Februar 2022]}
}