@misc{wikipediaciting,
  author = "{Wikipedia}",
  title = "{Citing, From Wikipedia, the free encyclopedia.}",
  url = "https://en.wikipedia.org/wiki/Wikipedia:Citing_sources",
  note = "[letzter Zugriff: 27. Februar 2022]"
}

@misc{wikipedia,
  author = "Wikipedia Community",
  title = "Wikipedia",
  url = "https://www.wikipedia.org/",
  note = "[letzter Zugriff: 27. Februar 2022]"
}
